<?xml version="1.0" encoding="UTF-8"?>
<OAI-PMH xmlns="http://www.openarchives.org/OAI/2.0/" xmlns:xsi="http://www.w3.org/2001/XMLSchema-instance" xsi:schemaLocation="http://www.openarchives.org/OAI/2.0/ http://www.openarchives.org/OAI/2.0/OAI-PMH.xsd">
<ListRecords>
<record>
<header status="updated">
<identifier>urm_publish:71285861110002121</identifier>
</header>
<metadata>
<record xmlns="http://www.loc.gov/MARC21/slim" xmlns:xsi="http://www.w3.org/2001/XMLSchema-instance" xsi:schemaLocation="http://www.loc.gov/MARC21/slim http://www.loc.gov/standards/marcxml/schema/MARC21slim.xsd" ><leader>01488mas a2200385 a 4500</leader><controlfield tag="005">19990604113142.0</controlfield><controlfield tag="008">820826c19uu9999wvuar1   ||||s0uuua0eng d</controlfield><controlfield tag="001">999612198202121</controlfield><datafield tag="010" ind1=" " ind2=" "><subfield code="a">   82645569 </subfield></datafield><datafield tag="022" ind1="0" ind2=" "><subfield code="a">0887-8749</subfield></datafield><datafield tag="035" ind1=" " ind2=" "><subfield code="a">(OCoLC)08723412</subfield></datafield><datafield tag="035" ind1=" " ind2=" "><subfield code="9">ALJ7978UW</subfield></datafield><datafield tag="035" ind1=" " ind2=" "><subfield code="a">(WU)1575922-uwmadisondb</subfield></datafield><datafield tag="040" ind1=" " ind2=" "><subfield code="a">LDL</subfield><subfield code="b">eng</subfield><subfield code="c">LDL</subfield><subfield code="d">DLC</subfield><subfield code="d">OCL</subfield><subfield code="d">DLC</subfield><subfield code="d">NST</subfield><subfield code="d">OCL</subfield><subfield code="d">NST</subfield><subfield code="d">NSD</subfield><subfield code="d">NST</subfield><subfield code="d">m/c</subfield><subfield code="d">NSD</subfield><subfield code="d">NST</subfield><subfield code="d">GZM</subfield></datafield><datafield tag="042" ind1=" " ind2=" "><subfield code="a">lc</subfield><subfield code="a">nsdp</subfield></datafield><datafield tag="043" ind1=" " ind2=" "><subfield code="a">n-us-wv</subfield></datafield><datafield tag="050" ind1="0" ind2=" "><subfield code="a">S127</subfield><subfield code="b">.W47a</subfield></datafield><datafield tag="082" ind1="0" ind2=" "><subfield code="a">630</subfield><subfield code="2">19</subfield></datafield><datafield tag="110" ind1="2" ind2=" "><subfield code="a">West Virginia University.</subfield><subfield code="b">Agricultural and Forestry Experiment Station.</subfield><subfield code="2">LCNAMES</subfield><subfield code="0">41-LIBRARY_OF_CONGRESS-n  50004479</subfield><subfield code="9">Y</subfield></datafield><datafield tag="210" ind1="0" ind2=" "><subfield code="a">Annu. rep. - W. Va. Univ., Agric. For. Exp. Stn.</subfield></datafield><datafield tag="222" ind1=" " ind2="0"><subfield code="a">Annual report - West Virginia University. Agricultural and Forestry Experiment Station</subfield></datafield><datafield tag="245" ind1="1" ind2="0"><subfield code="a">Annual report /</subfield><subfield code="c">West Virginia Agricultural and Forestry Experiment Station.</subfield></datafield><datafield tag="260" ind1=" " ind2=" "><subfield code="a">Morgantown, W. Va. :</subfield><subfield code="b">The Station.</subfield></datafield><datafield tag="300" ind1=" " ind2=" "><subfield code="a">volumes :</subfield><subfield code="b">illustrations ;</subfield><subfield code="c">28 cm</subfield></datafield><datafield tag="310" ind1=" " ind2=" "><subfield code="a">Annual</subfield></datafield><datafield tag="336" ind1=" " ind2=" "><subfield code="a">text</subfield><subfield code="b">txt</subfield><subfield code="2">rdacontent</subfield></datafield><datafield tag="337" ind1=" " ind2=" "><subfield code="a">unmediated</subfield><subfield code="b">n</subfield><subfield code="2">rdamedia</subfield></datafield><datafield tag="338" ind1=" " ind2=" "><subfield code="a">volume</subfield><subfield code="b">nc</subfield><subfield code="2">rdacarrier</subfield></datafield><datafield tag="500" ind1=" " ind2=" "><subfield code="a">Description based on: 1980.</subfield></datafield><datafield tag="510" ind1="2" ind2=" "><subfield code="a">Life sciences collection</subfield></datafield><datafield tag="610" ind1="2" ind2="0"><subfield code="a">West Virginia University.</subfield><subfield code="b">Agricultural and Forestry Experiment Station</subfield><subfield code="v">Periodicals.</subfield><subfield code="2">LCNAMES</subfield><subfield code="0">41-LIBRARY_OF_CONGRESS-n  50004479</subfield><subfield code="9">Y</subfield></datafield><datafield tag="650" ind1=" " ind2="0"><subfield code="a">Agriculture</subfield><subfield code="z">West Virginia</subfield><subfield code="v">Periodicals.</subfield><subfield code="2">LCSH</subfield><subfield code="0">41-LIBRARY_OF_CONGRESS-sh 85002415</subfield><subfield code="9">Y</subfield></datafield><datafield tag="650" ind1=" " ind2="0"><subfield code="a">Forests and forestry</subfield><subfield code="z">West Virginia</subfield><subfield code="v">Periodicals.</subfield><subfield code="2">LCSH</subfield><subfield code="0">41-LIBRARY_OF_CONGRESS-sh 85050707</subfield><subfield code="9">Y</subfield></datafield><datafield tag="780" ind1="0" ind2="0"><subfield code="t">West Virginia agriculture and forestry</subfield><subfield code="x">0043-3195</subfield><subfield code="w">(DLC)sc 7001391</subfield></datafield><datafield tag="997" ind1=" " ind2=" "><subfield code="a">MARCIVE</subfield></datafield><datafield tag="610" ind1="2" ind2="0"><subfield code="a">West Virginia University.</subfield><subfield code="b">College of Agriculture and Forestry.</subfield><subfield code="b">Agricultural and Forestry Experiment Station</subfield><subfield code="2">LCNAMES</subfield><subfield code="0">41-LIBRARY_OF_CONGRESS-n  50004479</subfield><subfield code="9">N</subfield></datafield><datafield tag="610" ind1="2" ind2="0"><subfield code="a">West Virginia.</subfield><subfield code="b">Agricultural and Forestry Experiment Station</subfield><subfield code="2">LCNAMES</subfield><subfield code="0">41-LIBRARY_OF_CONGRESS-n  50004479</subfield><subfield code="9">N</subfield></datafield><datafield tag="610" ind1="2" ind2="0"><subfield code="w">nnaa</subfield><subfield code="a">West Virginia.</subfield><subfield code="b">University.</subfield><subfield code="b">Agricultural and Forestry Experiment Station</subfield><subfield code="2">LCNAMES</subfield><subfield code="0">41-LIBRARY_OF_CONGRESS-n  50004479</subfield><subfield code="9">N</subfield></datafield><datafield tag="610" ind1="2" ind2="0"><subfield code="w">a</subfield><subfield code="a">West Virginia University.</subfield><subfield code="b">Agricultural Experiment Station</subfield><subfield code="2">LCNAMES</subfield><subfield code="0">41-LIBRARY_OF_CONGRESS-n  50004479</subfield><subfield code="9">R</subfield></datafield><datafield tag="610" ind1="2" ind2="0"><subfield code="a">West Virginia Agricultural and Forestry Experiment Station</subfield><subfield code="2">LCNAMES</subfield><subfield code="0">41-LIBRARY_OF_CONGRESS-n  50004479</subfield><subfield code="9">R</subfield></datafield><datafield tag="110" ind1="2" ind2=" "><subfield code="a">West Virginia University.</subfield><subfield code="b">College of Agriculture and Forestry.</subfield><subfield code="b">Agricultural and Forestry Experiment Station</subfield><subfield code="2">LCNAMES</subfield><subfield code="0">41-LIBRARY_OF_CONGRESS-n  50004479</subfield><subfield code="9">N</subfield></datafield><datafield tag="110" ind1="2" ind2=" "><subfield code="a">West Virginia.</subfield><subfield code="b">Agricultural and Forestry Experiment Station</subfield><subfield code="2">LCNAMES</subfield><subfield code="0">41-LIBRARY_OF_CONGRESS-n  50004479</subfield><subfield code="9">N</subfield></datafield><datafield tag="110" ind1="2" ind2=" "><subfield code="w">nnaa</subfield><subfield code="a">West Virginia.</subfield><subfield code="b">University.</subfield><subfield code="b">Agricultural and Forestry Experiment Station</subfield><subfield code="2">LCNAMES</subfield><subfield code="0">41-LIBRARY_OF_CONGRESS-n  50004479</subfield><subfield code="9">N</subfield></datafield><datafield tag="110" ind1="2" ind2=" "><subfield code="w">a</subfield><subfield code="a">West Virginia University.</subfield><subfield code="b">Agricultural Experiment Station</subfield><subfield code="2">LCNAMES</subfield><subfield code="0">41-LIBRARY_OF_CONGRESS-n  50004479</subfield><subfield code="9">R</subfield></datafield><datafield tag="110" ind1="2" ind2=" "><subfield code="a">West Virginia Agricultural and Forestry Experiment Station</subfield><subfield code="2">LCNAMES</subfield><subfield code="0">41-LIBRARY_OF_CONGRESS-n  50004479</subfield><subfield code="9">R</subfield></datafield><datafield tag="650" ind1=" " ind2="0"><subfield code="a">Forest land</subfield><subfield code="2">LCSH</subfield><subfield code="0">41-LIBRARY_OF_CONGRESS-sh 85050707</subfield><subfield code="9">N</subfield></datafield><datafield tag="650" ind1=" " ind2="0"><subfield code="a">Forest lands</subfield><subfield code="2">LCSH</subfield><subfield code="0">41-LIBRARY_OF_CONGRESS-sh 85050707</subfield><subfield code="9">N</subfield></datafield><datafield tag="650" ind1=" " ind2="0"><subfield code="a">Forest planting</subfield><subfield code="2">LCSH</subfield><subfield code="0">41-LIBRARY_OF_CONGRESS-sh 85050707</subfield><subfield code="9">N</subfield></datafield><datafield tag="650" ind1=" " ind2="0"><subfield code="a">Forest production</subfield><subfield code="2">LCSH</subfield><subfield code="0">41-LIBRARY_OF_CONGRESS-sh 85050707</subfield><subfield code="9">N</subfield></datafield><datafield tag="650" ind1=" " ind2="0"><subfield code="a">Forest sciences</subfield><subfield code="2">LCSH</subfield><subfield code="0">41-LIBRARY_OF_CONGRESS-sh 85050707</subfield><subfield code="9">N</subfield></datafield><datafield tag="650" ind1=" " ind2="0"><subfield code="a">Forestation</subfield><subfield code="2">LCSH</subfield><subfield code="0">41-LIBRARY_OF_CONGRESS-sh 85050707</subfield><subfield code="9">N</subfield></datafield><datafield tag="650" ind1=" " ind2="0"><subfield code="a">Forested lands</subfield><subfield code="2">LCSH</subfield><subfield code="0">41-LIBRARY_OF_CONGRESS-sh 85050707</subfield><subfield code="9">N</subfield></datafield><datafield tag="650" ind1=" " ind2="0"><subfield code="a">Forestland</subfield><subfield code="2">LCSH</subfield><subfield code="0">41-LIBRARY_OF_CONGRESS-sh 85050707</subfield><subfield code="9">N</subfield></datafield><datafield tag="650" ind1=" " ind2="0"><subfield code="a">Forestlands</subfield><subfield code="2">LCSH</subfield><subfield code="0">41-LIBRARY_OF_CONGRESS-sh 85050707</subfield><subfield code="9">N</subfield></datafield><datafield tag="650" ind1=" " ind2="0"><subfield code="a">Forestry</subfield><subfield code="2">LCSH</subfield><subfield code="0">41-LIBRARY_OF_CONGRESS-sh 85050707</subfield><subfield code="9">N</subfield></datafield><datafield tag="650" ind1=" " ind2="0"><subfield code="a">Forestry industry</subfield><subfield code="2">LCSH</subfield><subfield code="0">41-LIBRARY_OF_CONGRESS-sh 85050707</subfield><subfield code="9">N</subfield></datafield><datafield tag="650" ind1=" " ind2="0"><subfield code="a">Forestry sciences</subfield><subfield code="2">LCSH</subfield><subfield code="0">41-LIBRARY_OF_CONGRESS-sh 85050707</subfield><subfield code="9">N</subfield></datafield><datafield tag="650" ind1=" " ind2="0"><subfield code="a">Land, Forest</subfield><subfield code="2">LCSH</subfield><subfield code="0">41-LIBRARY_OF_CONGRESS-sh 85050707</subfield><subfield code="9">N</subfield></datafield><datafield tag="650" ind1=" " ind2="0"><subfield code="a">Lands, Forest</subfield><subfield code="2">LCSH</subfield><subfield code="0">41-LIBRARY_OF_CONGRESS-sh 85050707</subfield><subfield code="9">N</subfield></datafield><datafield tag="650" ind1=" " ind2="0"><subfield code="a">Silviculture</subfield><subfield code="2">LCSH</subfield><subfield code="0">41-LIBRARY_OF_CONGRESS-sh 85050707</subfield><subfield code="9">N</subfield></datafield><datafield tag="650" ind1=" " ind2="0"><subfield code="a">Sylviculture</subfield><subfield code="2">LCSH</subfield><subfield code="0">41-LIBRARY_OF_CONGRESS-sh 85050707</subfield><subfield code="9">N</subfield></datafield><datafield tag="650" ind1=" " ind2="0"><subfield code="a">Woodlands</subfield><subfield code="2">LCSH</subfield><subfield code="0">41-LIBRARY_OF_CONGRESS-sh 85050707</subfield><subfield code="9">N</subfield></datafield><datafield tag="650" ind1=" " ind2="0"><subfield code="a">Woods (Forests)</subfield><subfield code="2">LCSH</subfield><subfield code="0">41-LIBRARY_OF_CONGRESS-sh 85050707</subfield><subfield code="9">N</subfield></datafield><datafield tag="650" ind1=" " ind2="0"><subfield code="w">g</subfield><subfield code="a">Agriculture</subfield><subfield code="2">LCSH</subfield><subfield code="0">41-LIBRARY_OF_CONGRESS-sh 85050707</subfield><subfield code="9">R</subfield></datafield><datafield tag="650" ind1=" " ind2="0"><subfield code="w">g</subfield><subfield code="a">Natural resources</subfield><subfield code="2">LCSH</subfield><subfield code="0">41-LIBRARY_OF_CONGRESS-sh 85050707</subfield><subfield code="9">R</subfield></datafield><datafield tag="650" ind1=" " ind2="0"><subfield code="a">Afforestation</subfield><subfield code="2">LCSH</subfield><subfield code="0">41-LIBRARY_OF_CONGRESS-sh 85050707</subfield><subfield code="9">R</subfield></datafield><datafield tag="650" ind1=" " ind2="0"><subfield code="a">Arboriculture</subfield><subfield code="2">LCSH</subfield><subfield code="0">41-LIBRARY_OF_CONGRESS-sh 85050707</subfield><subfield code="9">R</subfield></datafield><datafield tag="650" ind1=" " ind2="0"><subfield code="a">Logging</subfield><subfield code="2">LCSH</subfield><subfield code="0">41-LIBRARY_OF_CONGRESS-sh 85050707</subfield><subfield code="9">R</subfield></datafield><datafield tag="650" ind1=" " ind2="0"><subfield code="a">Timber</subfield><subfield code="2">LCSH</subfield><subfield code="0">41-LIBRARY_OF_CONGRESS-sh 85050707</subfield><subfield code="9">R</subfield></datafield><datafield tag="650" ind1=" " ind2="0"><subfield code="a">Tree crops</subfield><subfield code="2">LCSH</subfield><subfield code="0">41-LIBRARY_OF_CONGRESS-sh 85050707</subfield><subfield code="9">R</subfield></datafield><datafield tag="650" ind1=" " ind2="0"><subfield code="a">Trees</subfield><subfield code="2">LCSH</subfield><subfield code="0">41-LIBRARY_OF_CONGRESS-sh 85050707</subfield><subfield code="9">R</subfield></datafield><datafield tag="650" ind1=" " ind2="0"><subfield code="a">Farming</subfield><subfield code="2">LCSH</subfield><subfield code="0">41-LIBRARY_OF_CONGRESS-sh 85002415</subfield><subfield code="9">N</subfield></datafield><datafield tag="650" ind1=" " ind2="0"><subfield code="a">Husbandry</subfield><subfield code="2">LCSH</subfield><subfield code="0">41-LIBRARY_OF_CONGRESS-sh 85002415</subfield><subfield code="9">N</subfield></datafield><datafield tag="650" ind1=" " ind2="0"><subfield code="w">g</subfield><subfield code="a">Industrial arts</subfield><subfield code="2">LCSH</subfield><subfield code="0">41-LIBRARY_OF_CONGRESS-sh 85002415</subfield><subfield code="9">R</subfield></datafield><datafield tag="650" ind1=" " ind2="0"><subfield code="w">g</subfield><subfield code="a">Life sciences</subfield><subfield code="2">LCSH</subfield><subfield code="0">41-LIBRARY_OF_CONGRESS-sh 85002415</subfield><subfield code="9">R</subfield></datafield><datafield tag="650" ind1=" " ind2="0"><subfield code="a">Food supply</subfield><subfield code="2">LCSH</subfield><subfield code="0">41-LIBRARY_OF_CONGRESS-sh 85002415</subfield><subfield code="9">R</subfield></datafield><datafield tag="650" ind1=" " ind2="0"><subfield code="a">Land use, Rural</subfield><subfield code="2">LCSH</subfield><subfield code="0">41-LIBRARY_OF_CONGRESS-sh 85002415</subfield><subfield code="9">R</subfield></datafield><datafield tag="INST" ind1=" " ind2=" "><subfield code="a">01UWI_NETWORK</subfield><subfield code="b">P</subfield><subfield code="c">71285861110002121</subfield></datafield><datafield tag="INST" ind1=" " ind2=" "><subfield code="a">01UWI_MAD</subfield><subfield code="b">P</subfield><subfield code="c">21547706500002122</subfield></datafield><datafield tag="AVA" ind1=" " ind2=" "><subfield code="a">01UWI_MAD</subfield><subfield code="b">TEMP</subfield><subfield code="c">Away for scanning</subfield><subfield code="d">RBW5 AA An71</subfield><subfield code="e">available</subfield><subfield code="f">3</subfield><subfield code="g">0</subfield><subfield code="j">WISC074</subfield><subfield code="k">8</subfield><subfield code="p">1</subfield><subfield code="q">Temporary Relocation Library</subfield></datafield><datafield tag="AVA" ind1=" " ind2=" "><subfield code="0">9915759223602122</subfield><subfield code="8">22547706490002122</subfield><subfield code="a">01UWI_MAD</subfield><subfield code="b">STEENBOCK</subfield><subfield code="c">Documents</subfield><subfield code="d">RBW5 AA An71</subfield><subfield code="e">available</subfield><subfield code="f">1</subfield><subfield code="g">0</subfield><subfield code="j">doc</subfield><subfield code="k">8</subfield><subfield code="p">2</subfield><subfield code="q">Steenbock Library</subfield><subfield code="t">(1980)-(1993)</subfield><subfield code="t">(1994)-(1998)</subfield></datafield><datafield tag="PLK" ind1=" " ind2=" "><subfield code="a">Succeeds.</subfield><subfield code="b">999542723902121</subfield></datafield><datafield tag="MMS" ind1=" " ind2=" "><subfield code="b">999612198202121</subfield><subfield code="a">01UWI_NETWORK</subfield></datafield><datafield tag="MMS" ind1=" " ind2=" "><subfield code="b">9915759223602122</subfield><subfield code="a">01UWI_MAD</subfield></datafield><datafield tag="BBB" ind1="8" ind2="1"><subfield code="x">cmh*</subfield><subfield code="8">22547706490002122</subfield><subfield code="A">01UWI_MAD</subfield></datafield></record>
</metadata>
</record>
</ListRecords>
</OAI-PMH>